@misc{iverilog,
  title        = {Icarus Verilog},
  howpublished = {\url{https://steveicarus.github.io/iverilog/index.html}},
  year         = {2024},
  note         = {Accessed: 2024-12-17}
}
@misc{verilator,
  title        = {Verilator},
  howpublished = {\url{https://www.veripool.org/verilator/}},
  year         = {2024},
  note         = {Accessed: 2024-12-17}
}