@book{bergeron2012writing,
  title={Writing testbenches: functional verification of HDL models},
  author={Bergeron, Janick},
  year={2012},
  publisher={Springer Science \& Business Media}
}
@article{flake2020a,
  author = {Flake, Peter and Moorby, Phil and Golson, Steve and Salz, Arturo and Davidmann, Simon},
  title = {Verilog HDL and its ancestors and descendants},
  language = {eng},
  format = {article},
  journal = {Proceedings of the Acm on Programming Languages},
  volume = {4},
  number = {HOPL},
  pages = {87},
  year = {2020},
  issn = {24751421},
  publisher = {Association for Computing Machinery},
  doi = {10.1145/3386337}
}
